<?xml version="1.0" encoding="UTF-8"?>
<collection xmlns:xsi="http://www.w3.org/2001/XMLSchema-instance" xsi:schemaLocation="http://www.loc.gov/MARC21/slim http://www.loc.gov/standards/marcxml/schema/MARC21slim.xsd" xmlns="http://www.loc.gov/MARC21/slim">
<record>
  <leader>00787nam a2200229   4500</leader>
  <controlfield tag="001">2043056</controlfield>
  <controlfield tag="003">NNC</controlfield>
  <controlfield tag="005">20030429121635.0</controlfield>
  <controlfield tag="008">900510s1969    iq       b    000 0 ara  </controlfield>
  <datafield tag="010" ind1=" " ind2=" ">
    <subfield code="a">   71962217 /NE</subfield>
  </datafield>
  <datafield tag="035" ind1=" " ind2=" ">
    <subfield code="a">(OCoLC)ocm21506318</subfield>
  </datafield>
  <datafield tag="035" ind1=" " ind2=" ">
    <subfield code="9">AMS2053CU</subfield>
  </datafield>
  <datafield tag="040" ind1=" " ind2=" ">
    <subfield code="a">DLC</subfield>
    <subfield code="c">WAU</subfield>
    <subfield code="d">WAU</subfield>
    <subfield code="d">ZCU</subfield>
  </datafield>
  <datafield tag="050" ind1="0" ind2=" ">
    <subfield code="a">HM136</subfield>
    <subfield code="b">.U69</subfield>
  </datafield>
  <datafield tag="100" ind1="1" ind2=" ">
    <subfield code="a">ʻUraym, ʻAbd al-Jabbār.</subfield>
  </datafield>
  <datafield tag="245" ind1="1" ind2="0">
    <subfield code="a">Mushkilat al-mujtamaʻ al-ʻArabī al-muʻāṣir,</subfield>
    <subfield code="b">baḥth taḥlīlī fī dirāsat al-mashākil al-ijtimāʻīyah al-ḥaḍārīyah</subfield>
    <subfield code="c">[taʾlīf] ʻAbd al-Jabbār ʻUraym.</subfield>
  </datafield>
  <datafield tag="260" ind1=" " ind2=" ">
    <subfield code="a">Baghdād,</subfield>
    <subfield code="b">Maṭbaʻat al-Maʻārif,</subfield>
    <subfield code="c">1969.</subfield>
  </datafield>
  <datafield tag="300" ind1=" " ind2=" ">
    <subfield code="a">64 p.</subfield>
    <subfield code="c">24 cm.</subfield>
  </datafield>
  <datafield tag="504" ind1=" " ind2=" ">
    <subfield code="a">Includes bibliographical references.</subfield>
  </datafield>
  <datafield tag="650" ind1=" " ind2="0">
    <subfield code="a">Culture conflict.</subfield>
  </datafield>
  <datafield tag="650" ind1=" " ind2="0">
    <subfield code="a">Social conflict.</subfield>
  </datafield>
  <datafield tag="955" ind1=" " ind2=" ">
    <subfield code="b">CU57819920</subfield>
    <subfield code="d">off,leh</subfield>
    <subfield code="e">HM136 .U69</subfield>
  </datafield>
</record>
</collection>